@book{HamiltonGRLBook,
  author    = {Hamilton, William L.},
  title     = {Graph Representation Learning},
  journal   = {Synthesis Lectures on Artificial Intelligence and Machine Learning},
  volume    = {14},
  number    = {3},
  pages     = {1-159},
  year      = {2020},
  publisher = {Morgan and Claypool},
  url       = {https://www.cs.mcgill.ca/~wlh/grl_book/}
}

@article{Hamilton2018Representation,
  author    = {William L. Hamilton and
               Rex Ying and
               Jure Leskovec},
  title     = {Representation Learning on Graphs: Methods and Applications},
  journal   = {arXiv preprint},
  year      = {2017},
  archivePrefix = {arXiv},
  arxivid   = {1709.05584},
  eprint    = {1709.05584},
}

@article{battaglia2018relational,
  author    = {Peter W. Battaglia and
               Jessica B. Hamrick and
               Victor Bapst and
               Alvaro Sanchez{-}Gonzalez and
               Vin{\'{\i}}cius Flores Zambaldi and
               Mateusz Malinowski and
               Andrea Tacchetti and
               David Raposo and
               Adam Santoro and
               Ryan Faulkner and
               {\c{C}}aglar G{\"{u}}l{\c{c}}ehre and
               H. Francis Song and
               Andrew J. Ballard and
               Justin Gilmer and
               George E. Dahl and
               Ashish Vaswani and
               Kelsey R. Allen and
               Charles Nash and
               Victoria Langston and
               Chris Dyer and
               Nicolas Heess and
               Daan Wierstra and
               Pushmeet Kohli and
               Matthew Botvinick and
               Oriol Vinyals and
               Yujia Li and
               Razvan Pascanu},
  title     = {Relational inductive biases, deep learning, and graph networks},
  journal   = {arXiv preprint},
  year      = {2018},
  archivePrefix = {arXiv},
  arxivid   = {1806.01261},
  eprint    = {1806.01261},
}

@article{cappart2021combinatorial,
  author    = {Quentin Cappart and
               Didier Ch{\'{e}}telat and
               Elias B. Khalil and
               Andrea Lodi and
               Christopher Morris and
               Petar Velickovic},
  title     = {Combinatorial optimization and reasoning with graph neural networks},
  journal   = {arXiv preprint},
  year      = {2021},
  archivePrefix = {arXiv},
  arxivid   = {2102.09544},
  eprint    = {2102.09544},
}

@article{yan2020neural,
  author    = {Yujun Yan and
               Kevin Swersky and
               Danai Koutra and
               Parthasarathy Ranganathan and
               Milad Hashemi},
  title     = {Neural Execution Engines: Learning to Execute Subroutines},
  journal   = {arXiv preprint},
  year      = {2020},
  archivePrefix = {arXiv},
  arxivid   = {2006.08084},
  eprint    = {2006.08084},
}

@article{veličković2020neural,
  author    = {Petar Veličković and Rex Ying and Matilde Padovano and Raia Hadsell and Charles Blundell},
  title     = {Neural Execution of Graph Algorithms},
  journal   = {arXiv preprint},
  year      = {2020},
  archivePrefix = {arXiv},
  arxivid   = {1910.10593},
  eprint    = {1910.10593},
}

@online{PetarTF-GNN,
  title        = {Theoretical Foundations of Graph Neural Networks},
  date         = {2021},
  organization = {Youtube},
  author       = {Petar Veli{\v c}kovi{\' c}},
  url          = {https://www.youtube.com/watch?v=uF53xsT7mjc},
}

@online{PetarIntroGNN,
  title        = {Intro to graph neural networks (ML Tech Talks)},
  date         = {2021},
  organization = {Youtube},
  author       = {Petar Veli{\v c}kovi{\' c}},
  url          = {https://www.youtube.com/watch?v=8owQBFAHw7E&t=59s},
}

@online{PetarGRLAR,
  title        = {Graph Representation Learning for Algorithmic Reasoning},
  date         = {2020},
  organization = {Youtube},
  author       = {Petar Veli{\v c}kovi{\' c}},
  url          = {https://www.youtube.com/watch?v=IPQ6CPoluok},
}

@online{HamiltonGRLVideo,
  title        = {Graph Representation Learning},
  date         = {2021},
  organization = {Youtube},
  author       = {William L. Hamilton},
  url          = {https://www.youtube.com/watch?v=fbRDfhNrCwo},
}

@online{BressonGCN,
  title        = {Graph Convolutional Networks (GCNs)},
  date         = {2020},
  organization = {Youtube},
  author       = {Xavier Bresson},
  url          = {https://www.youtube.com/watch?v=Iiv9R6BjxHM},
}

@online{AllamanisIGNNMA,
  title        = {An Introduction to Graph Neural Networks: Models and Applications},
  date         = {2020},
  organization = {Youtube},
  author       = {Miltos Allamanis},
  url          = {https://www.youtube.com/watch?v=zCEYiCxrL_0},
}
